@article{semantic-ws,
  title={{Automated discovery, interaction and composition of semantic web services}},
  author={Sycara, K. and Paolucci, M. and Ankolekar, A. and Srinivasan, N.},
  journal={Journal of Web Semantics},
  volume={1},
  number={1},
  pages={27--46},
  year={2003}
}

@article{semanticweb,
  title={{The semantic Web revisited}},
  author={Shadbolt, N. and Hall, W. and Berners-Lee, T.},
  journal={IEEE Intelligent Systems},
  volume={21},
  number={3},
  pages={96--101},
  year={2006}
}

@misc{globus
, Author = "I. Foster and C. Kesselman" 
, title = "{Globus: A Metacomputing Infrastructure Toolkit}" 
, booktitle = "{Intl J. Supercomputer Applications}"
, volume = "11(2)"
, year = 1997
}

@misc{physiology
, Author = "I. Foster and C. Kesselman and J. Nick and S. Tuecke"
, title = "{The Physiology of the Grid: Open Grid Services Architecture for Distributed Systems Integration}"
, note = "{Global Grid Forum 4}"
, year = "Feb 2002"
}

@Inproceedings{anatomy
, Author = "I. Foster and C. Kesselman and S. Tuecke"
, title = "{The Anatomy of the Grid: Enabling Scalable Virtual Organizations}"
, booktitle = "{International Journal of Supercomputer Applications}"
, volume = "15(3)"
, year = "2001"
}

@Inproceedings{gridftp
, Author = "W. Allcock and J. Bresnahan and R. Kettimuthu and M. Link and C. Dumitrescu and I. Raicu and I. Foster"
, title = "{The Globus Striped GridFTP Framework and Server}"
, booktitle = "{Super Computing 2005 (SC05)}"
, year = 2005
}

@Inproceedings{opal
, Author = "S. Krishnan and B. Stearn and K. Bhatia and K. Baldridge and W. Li and P. Arzberger"
, title = "{Opal: Simple Web Services Wrappers for Scientific Applications}"
, booktitle = "{IEEE International Conference on Web Services}"
, year = 2006
}

@Inproceedings{opal-op
, Author = "{K. Ichikawa et al}"
, title = "{Opal OP: An Extensible Grid-Enabling Wrapping Approach for Legacy Applications}"
, booktitle = "{3rd Workshop on Grid Computing and Applications (GCA07)}"
, year = "2007"
}

@Inproceedings{gfac
, Author = "Gopi Kandaswamy and Liang Fang and Yi Huang and Satoshi Shirasuna and Suresh Marru and Dennis Gannon"
, title = "{Building Web Services For Scientific Grid Applications}"
, booktitle = "{IBM Journal of Research and Development}"
, year = 2005
}

@Inproceedings{blast
, Author = "S.F. Altschul and W. Gish and W. Miller and E.W. Myers and D.J. Lipman"
, title = "{Basic Local Alignment Search Tool}"
, booktitle = "{J. Mol. Biol.}"
, volume = "215"
, year = 1990
}

@misc{ws-addr
, Author = "IBM and BEA and Microsoft and SAP and Sun"
, title = "{Web Services Addressing}"
, note = "http://www-106.ibm.com/developerworks/library/specification/ws-add/"
, year = "March 2004"
}

@Inproceedings{nbcr-ws
, Author = "{S. Krishnan et al}"
, title = "{An End-to-end Web Services-based Infrastructure for Biomedical Applications}"
, booktitle = "{6th IEEE/ACM International Workshop on Grid Computing}"
, year = 2005
}

@Inproceedings{taverna
, Author = "T. Oinn et al"
, title = "{Taverna: A tool for the composition and enactment of bioinformatics workflows}"
, booktitle = "{Bioinformatics Journal}"
, volume = "20(17)"
, year = 2004
}

@Inproceedings{cml
, Author = "P. Murray-Rust and H. S. Rzepa"
, title = "{Chemical Markup, XML, and the World Wide Web. 4. CML Schema}"
, booktitle = "{J. Chem. Inf. Comput. Sci.}"
, volume = "43"
, year = "2003"
}

@Inproceedings{onto-trans
, Author = "S. Bowers and B. Ludaescher"
, title = "{An Ontology-Driven Framework for Data Transformation in Scientific Workflows}"
, booktitle = "{Intl. Workshop on Data Integration in the Life Sciences (DILS04)}"
, publisher = "LNCS"
, volume = "2994"
, year = "2004"
}

@Inproceedings{gemstone
, Author = "{K. K. Baldridge et al}"
, title = "{GEMSTONE: Grid-Enabled Molecular Sciences through Online Networked Environments}"
, booktitle = "{Life Sciences Grid Workshop (Satellite of Grid Asia)}"
, year = "2005"
}

@Inproceedings{ccpe
, Author = "{K. K. Baldridge et al}"
, title = "{The Computational Chemistry Prototyping Environment}"
, booktitle = "{IEEE Special Issue on Grid Computing}"
, year = "2005"
}

@Inproceedings{kepler
, Author = "{I. Altintas et al}"
, title = "{Kepler:  An Extensible System for Design and Execution of Scientific  Workflows}"
, booktitle = "{16th International Conference on  Scientific and Statistical Database Management (SSDBM'04)}"
, year = "2004"
}

@Inproceedings{soap-perf
, Author = "M. Govindaraju and A. Slominski and K. Chiu and P. Liu and R. van Engelen and M.J. Lewis"
, title ="{Toward Characterizing the Performance of SOAP Toolkits}"
, booktitle = "{5th IEEE/ACM International Workshop on Grid Computing}"
, year = "2004"
}

@Inproceedings{sec-perf
, Author = "S. Shirasuna and A. Slominski and L. Fang and D. Gannon"
, title ="{Performance Comparison of Security Mechanisms for Grid Services}"
, booktitle = "{5th IEEE/ACM International Workshop on Grid Computing}"
, year = "2004"
}

@Inproceedings{gsoap
, Author = "R. van Engelen and K. Gallivan"
, title = "{The gSOAP Toolkit for Web Services and Peer-To-Peer Computing Networks}"
, booktitle = "{2nd IEEE International Symposium on Cluster Computing and the Grid (CCGrid2002)}"
, year = "2002"
}

@Inproceedings{ssp-chiu
, Author = "K. Chiu and W. Lu"
, title = "{A Compiler-Based Approach to Schema-Specific XML Parsing}"
, booktitle = "{First International Worksop on High Performance XML Processing(Satellite of WWW2004}"
, year = "2004"
}

@Inproceedings{gsi
, Author = "I. Foster and C. Kesselman and G. Tsudik and S. Tuecke"
, title = "{A Security Architecture for  Computational Grids}"
, booktitle = "{ACM Conference on Computers and Security}"
, year = "1998"
}

@Inproceedings{rocks
, Author = "P. Papadopoulos and M. Katz and G. Bruno"
, title = "{NPACI Rocks: Tools and Techniques for Easily Deploying Manageable Linux Clusters}"
, booktitle = "{Concurrency and Computation: Practice and Experience Special Issue}"
, year = "2001"
}

@Inproceedings{xbs
, Author = "K. Chiu"
, title = "{XBS: A Streaming Binary Serializer for High Performance Computing}"
, booktitle = "{High Performance Computing Symposium 2004. Society for Computer Simulation International}"
, year = "2004"
}

@Inproceedings{voms
, Author = "R. Alfieri et al"
, title = "{VOMS: An Authorization System for Virtual Organizations}"
, booktitle = "{1st European Across Grids Conference, Santiago de Compostela}"
, year = "2003"
}

@misc{bin-xml
, title = "{XML Binary Characterization Group}"
, note = "http://www.w3.org/XML/Binary/"
}

@misc{xpp
, title = "{XML Pull Parsing}"
, note = "http://www.xmlpull.org/"
}

@misc{xsul
, title = "{WS/XSUL2: Web and XML Services Utility Library (Version 2)}"
, note = "http://www.extreme.indiana.edu/xgws/xsul/index.html"
}

@misc{x509
, Author = "S. Tuecke et al."
, title = "{Internet X.509 Public Key Infrastructure Proxy Certificate Profile}"
, note = "{IETF}"
, year = "2003"
}

@misc{nbcr
, title = "{The National Biomedical Computation Resource (NBCR)}"
, note = "http://nbcr.net"
}

@misc{camera
, title = "{Community Cyberinfrastructure for Advanced Marine Microbial Ecology Research and Analysis (CAMERA)}"
, note = "http://camera.calit2.net"
}

@misc{informnet
, title = "{INFORMNET: Information Flow and Operation Resource Management on the Net}"
, note = "http://grid-devel.sdsc.edu/informnet/"
}

@misc{axis
, title = "{The Apache AXIS Project}"
, note = "http://ws.apache.org/axis/"
}

@misc{axis2
, title = "{Axis 2.0}"
, note = "http://ws.apache.org/axis2/"
}

@misc{tomcat
, title = "{The Apache Jakarta Tomcat Project}"
, note = "http://jakarta.apache.org/tomcat/index.html"
}

@misc{postgres
, title = "{The PostgreSQL Project}"
, note = "http://www.postgresql.org/"
}

@misc{sge
, title = "{The Sun Grid Engine (SGE)}"
, note = "http://gridengine.sunsource.net/"
}

@misc{xul
, title = "{XML User Interface Language (XUL)}"
, note = "http://www.mozilla.org/projects/xul/"
}

@misc{pmv-vision-adt
, title = "{Python-based software development at MGL - AutoDockTools, PMV, and Vision}"
, note = "http://mgltools.scripps.edu/"
}

@misc{pmv
, title = "{The Python Molecular Viewer (PMV)}"
, note = "http://www.scripps.edu/~sanner/python/pmv/"
}

@misc{vision
, title = "{The Vision Programming Environment}"
, note = "http://www.scripps.edu/~sanner/python/vision/"
}

@misc{amber
, title = "{The Amber Molecular Dynamics Package}" 
, note = "http://amber.scripps.edu"
}

@Book{gridbook
, Author = "I. Foster and C. Kesselman"
, title = "{The GRID: Blueprint for a New Computing Infrastructure}"
, year = "1998"
, publisher = "Morgan-Kaufmann"
}

@Article{ogsa
, Author = "I. Foster and C. Kesselman and J. Nick and S. Tuecke"
, title = "{Grid Services for Distributed System Integration}"
, journal = "Computer 35(6)"
, year   = "2002"
}

@Article{purse
, author={Foster, I. and Nefedova, V. and Ahsant, M. and Ananthakrishnan, R. and Liming, L. and Madduri, R. and Mulmo, O. and Pearlman, L. and Siebenlist, F.}
, title={{Streamlining Grid Operations: Definition and Deployment of a Portal-based User Registration Service}}
, journal={Journal of Grid Computing}
, volume={4}
, number={2}
, year={2006}
}

@inbook{cog
, Author = "G. von Laszewski and J. Gawor and S. Krishnan and K. Jackson"
, chapter = "25, {Commodity Grid Kits - Middleware for Building Grid Computing Environments}"
, title = "{Grid Computing: Making the Global Infrastructure a Reality}"
, publisher = "Wiley"
, year = "2003"
}

@Inproceedings{apbs
, Author = "M. Holst and F. Saied"
, title = "{Numerical solution of the nonlinear Poisson-Boltzmann equation: Developing more robust and efficient methods}"
, booktitle = "{J. Comput. Chem., 16}"
, year = "1995"
}

@Inproceedings{gamess
, Author = "M.W. Schmidt and K.K. Baldridge and J.A. Boatz and S.T. Elbert and M.S. Gordon and J.J. Jensen and S. Koseki and N. Matsunaga and K.A. Nguyen and S. Su and T.L. Windus and M. Dupuis and J.A. Montgomery"
, title = "{GAMESS}"
, booktitle = "{J. Comput. Chem., 14}"
, year = "1993"
}

@Inproceedings{qmview
, Author = "K.K. Baldridge and J.P. Greenberg"
, title = "{QMView: A Computational 3D Visualization Tool at the Interface Between Molecules and Man}"
, booktitle = "{J. Mol. Graphics, vol. 13}"
, year = "1995"
}

@Inproceedings{condor
, Author = "J. Basney and M. Livny and T. Tannenbaum"
, title = "{High Throughput Computing with Condor}"
, booktitle = "{HPCU news}"
, volume = "1(2)"
, year = "June 1997"
}

@InProceedings{gram
, Author = "K. Czajkowski and I. Foster and N. Karonis and C. Kesselman and S. Martin and W. Smith and S. Tuecke"
, booktitle = "{IPPS/SPDP 98, Workshop on Job Scheduling Strategies for Parallel Processing}"
, title = "{A Resource Management Architecture for Metacomputing Systems}"
, year = "1998"
}

@InProceedings{akenti
, Author = "M. Thompson et al"
, booktitle = "{8th Usenix Security Symposium}"
, title = "{Certificate-based Access Control for Widely Distributed Resources}"
, year = "1999"
}

@InProceedings{cas
, Author = "{L. Pearlman et al}"
, booktitle = "{IEEE 3rd International Workshop on Policies for Distributed Systems and Network}"
, title = "{A Community Authorization Service for Group Collaboration}"
, year = "2002"
}

@misc{geon
, title = "{GEON: The Geosciences Network}"
, howpublished = {http://www.geongrid.org/}
}

@misc{meme-mast
, title = "{The MEME/MAST System - Motif Discovery and Search}"
, howpublished = {http://meme.sdsc.edu/meme/}
}

@misc{meme
, title = "{MEME -- Multiple EM for Motif Elicitation}"
, howpublished = {http://meme.sdsc.edu/meme/meme-intro.html}
}

@misc{mast
, title = "{MAST -- Motif Alignment and Search Tool}"
, howpublished = {http://meme.sdsc.edu/meme/mast-intro.html}
}

@misc{babel
, title = "{The Open Babel Project}"
, howpublished = {http://openbabel.sourceforge.net}
}

@misc{pdb2pqr
, title = "{PDB2PQR: An automated pipeline for the setup, execution, and analysis of Poisson-Boltzmann electrostatics calculations}"
, howpublished = {http://pdb2pqr.sourceforge.net/}
}

@misc{soaplab
, title = "{Soaplab - Analysis Web Service}"
, howpublished = {http://www.ebi.ac.uk/soaplab/}
}

@misc{teragrid
, title = "{The TeraGrid Project}"
, howpublished = {http://www.teragrid.org}
}

@misc{top500
, title = "{TOP500 Supercomputer Sites}"
, howpublished = {http://www.top500.org/}
}

@misc{cyberinf
, title = "{NSF Cyberinfrastructure}"
, howpublished = {http://www.nsf.gov/dir/index.jsp?org=OCI}
}

@misc{ncmir
, title = "{National Center For Microscopy and Imaging Research}"
, howpublished = {http://ncmir.ucsd.edu/}
}

@misc{gridlab
, title = "{GridLab: A Grid Application Toolkit and Testbed}"
, howpublished = {http://gridlab.org/}
}

@misc{xslt
, editor = {James Clark}
, title = {{XSL} Transformations}
, howpublished = {http://www.w3.org/TR/xslt/}
}

@misc{wsrf
, Author = "{K. Czajkowski et al}"
, title = "{WS-Resource Framework}"
, howpublished = "http://www-106.ibm.com/developerworks/library/ws-resource/ws-wsrf.pdf"
, year = "2004"
}

@misc{jsse
, Author ="Sun Microsystems"
, title = "{Java Secure Sockets Extension (JSSE)}"
, howpublished = {http://java.sun.com/products/jsse/}
}

@misc{wsnt
, Author = "Akamai and CAI and Fujitsu and Globus and HP and IBM and SAP and Sonic and TIBCO"
, title = "{Web Services Notification}"
, howpublished = "http://www-106.ibm.com/developerworks/library/specification/ws-notification/"
, year = "June 2004"
}

@misc{berg06
, Author = "M. K. Bergman"
, title = "{Models of Semantic Interoperability}"
, howpublished = "http://mkbergman.com/?p=240"
, year = "2006"
}

@misc{dfdl
, title = "{Data Format Description Language (DFDL)}"
, note = "http://forge.gridforum.org/projects/dfdl-wg/"
}

@misc{gridsphere
, title = "{Gridsphere Portal Framework}"
, note = "http://www.gridsphere.org"
}

@article{gama
, author= "K. Bhatia and S. Chandra and K. Mueller"
, title = "{GAMA: Grid Account Management Architecture}"  
, journal= {1st IEEE International Conference on e-Science and Grid Computing}
, year = "2005"
}

@TechReport{gama-tech
, Author = "K. Bhatia and S. Chandra and K. Mueller"
, title = "{GAMA: Grid Account Management Architecture}"
, institution = "SDSC, UCSD"
, year = "2005"
, note = "SDSC TR-2005-3"
}

@TechReport{cyber-inf
, Author = "{D.E. Atkins et al}"
, title = "{Revolutionizing Science and Engineering Through Cyberinfrastructure: Report of the National Science Foundation Blue-Ribbon Advisory Panel on Cyberinfrastructure}"
, institution = "{National Science Foundation}"
, year = "2003"
}

@misc{xsd
, Author = "David Fallside and Priscilla Walmsley"
, title = "{XML Schema Part 0: Primer Second Edition}"
, note = "http://www.w3.org/TR/xmlschema-0/"
, year = "2004"
}

@misc{com
, Author = "Microsoft Corporation" 
, title = "{COM}" 
, note = "http://www.microsoft.com/com"
}

@article{corba
, author={S. Vinoski}
, title={{CORBA: integrating diverse applications within distributedheterogeneous environments}}
, journal={Communications Magazine, IEEE}
, volume={35}
, number={2}
, year={1997}
}

@misc{sos
, author={I. Foster}
, title={{Service-Oriented Science}}
, note={American Association for the Advancement of Science}
, year={2005}
}


%% newly add bibs

@article{avs,
  title={{The application visualization system: a computational environmentfor scientific visualization}},
  author={Upson, C. and Faulhaber Jr, TA and Kamins, D. and Laidlaw, D. and Schlegel, D. and Vroom, J. and Gurwitz, R. and van Dam, A.},
  journal={Computer Graphics and Applications, IEEE},
  volume={9},
  number={4},
  pages={30--42},
  year={1989}
}

@book{opendx,
  title={{OpenDX: paths to visualization}},
  author={Thompson, D. and Braun, J. and Ford, R.},
  year={2001},
  publisher={Missoula, Montana: VIS}
}

@article{scirun,
  title={{SCIRun: a scientific programming environment for computational steering}},
  author={Parker, S.G. and Johnson, C.R.},
  journal={Proceedings of the 1995 ACM/IEEE conference on Supercomputing (CDROM)},
  year={1995},
  publisher={ACM Press New York, NY, USA}
}


@article{web2.0,
  title={{What is Web 2.0: Design Patterns and Business Models for the Next Generation of Software}},
  author={T. O'Reilly}
}

@article{viper,
  title={{ViPEr, a Visual Programming Environment for Python}},
  author={Sanner, M.F. and Stoffler, D. and Olson, A.J.},
  journal={Proceedings of the 10 thInternational Python Conference},
  pages={4--7},
  year={2002}
}

@article{wf-grid,
  title={{Workflow in Grid Systems}},
  author={Fox, GC and Gannon, D.},
  journal={Concurrency and Computation: Practice and Experience},
  volume={18},
  number={10},
  pages={1009--1019},
  year={2006}
}

@article{ptolemy,
  title={{Ptolemy: A framework for simulating and prototyping heterogeneous systems}},
  author={Buck, J. and Ha, S. and Lee, E.A. and Messerschmitt, D.G.},
  journal={International Journal of Computer Simulation},
  volume={4},
  number={2},
  pages={155--182},
  year={1994}
}

@article{escience,
  title={{SOAs for Scientific Applications: Experiences and Challenges}},
  author={Krishnan, S. and Bhatia, K.},
  journal={e-Science and Grid Computing, IEEE International Conference on},
  pages={160--169},
  year={2007}
}

@article{myworksphere,
  title={{Building cyberinfrastructure for bioinformatics using service oriented architecture}},
  author={Li, W.W. and Krishnan, S. and Mueller, K. and Ichikawa, K. and Date, S. and Dallakyan, S. and Sanner, M. and Misleh, C. and Ding, Z. and Wei, X. and others},
  journal={Sixth IEEE International Symposium on Cluster Computing and the Grid Workshops Singapore},
  pages={39--46}
}

@misc{continuity,
  title={{Continuity 6.0: Continuum Modeling for Bioengineering and Physiology}},
  author={McCulloch, AD}
}

@article{drmaa,
  title={{Distributed Resource Management Application API Specification 1.0}},
  author={Rajic, H. and Brobst, R. and Chan, W. and Ferstl, F. and Gardiner, J. and Haas, A. and Nitzberg, B. and Tollefsrud, J.},
  journal={Grid Forum Document GFD},
  volume={22},
  year={2004}
}

@article{csf4,
  title={{CSF4: A WSRF Compliant Meta-Scheduler}},
  author={Wei, X. and Ding, Z. and Yuan, S. and Hou, C. and Li, H.},
  journal={International Conference},
  year={2006}
}


@article{opal-gui,
  title={{Providing Dynamic Virtualized Access to Grid Resources via the Web 2.0 Paradigm}},
  author={Clementi, L. and Ding, Z. and Krishnan, S. and Wei, X. and Arzberger, P.W. and Li, W.},
  journal={International Workshop on Grid Computing Environments},
  year={2007}
}

@misc{opal-website
, title = "{The Opal Toolkit}"
, note = "http://nbcr.net/software/opal/"
}
